@Book{xie2015,
  title = {Dynamic Documents with {R} and knitr},
  author = {Yihui Xie},
  publisher = {Chapman and Hall/CRC},
  address = {Boca Raton, Florida},
  year = {2015},
  edition = {2nd},
  note = {ISBN 978-1498716963},
  url = {http://yihui.org/knitr/},
}

@techreport{smith2020,
	title = {Improved status and trend estimates from the North American Breeding Bird Survey using a Bayesian hierarchical generalized additive model},
	author = {{Smith}, {Adam C.} and {Edwards}, {Brandon P.M.}},
	year = {2020},
	month = {03},
	date = {2020-03-29},
	doi = {10.1101/2020.03.26.010215},
	url = {http://biorxiv.org/lookup/doi/10.1101/2020.03.26.010215},
	note = {DOI: 10.1101/2020.03.26.010215},
	langid = {en}
}

@misc{smith2020a,
	title = {North American Breeding Bird Survey status and trend estimates to inform a wide-range of conservation needs, using a flexible Bayesian hierarchical generalized additive model},
	author = {{Smith}, {Adam C.} and {Edwards}, {Brandon P.M.}},
	year = {2020},
	month = {03},
	date = {2020-03-29},
	doi = {10.1101/2020.03.26.010215},
	url = {http://dx.doi.org/10.1101/2020.03.26.010215}
}

@article{link2002,
	title = {A Hierarchical Analysis of Population Change with Application to Cerulean Warblers},
	author = {{Link}, {William A.} and {Sauer}, {John R.}},
	year = {2002},
	date = {2002},
	journal = {Ecology},
	pages = {2832--2840},
	volume = {83},
	number = {10},
	doi = {10.1890/0012-9658(2002)083[2832:AHAOPC]2.0.CO;2},
	url = {https://esajournals.onlinelibrary.wiley.com/doi/abs/10.1890/0012-9658%282002%29083%5B2832%3AAHAOPC%5D2.0.CO%3B2},
	note = {{\_}eprint: https://esajournals.onlinelibrary.wiley.com/doi/pdf/10.1890/0012-9658%282002%29083%5B2832%3AAHAOPC%5D2.0.CO%3B2},
	langid = {en}
}

@article{sauer2011,
	title = {Analysis of the North American Breeding Bird Survey Using Hierarchical Models},
	author = {{Sauer}, {John R.} and {Link}, {William A.}},
	year = {2011},
	month = {01},
	date = {2011-01},
	journal = {The Auk},
	pages = {87--98},
	volume = {128},
	number = {1},
	doi = {10.1525/auk.2010.09220},
	url = {https://academic.oup.com/auk/article/128/1/87-98/5149447},
	langid = {en}
}

@article{hillman2009,
	title = {Strongly minimal PD4-complexes},
	author = {{Hillman}, {Jonathan A.}},
	year = {2009},
	month = {04},
	date = {2009-04},
	journal = {Topology and its Applications},
	pages = {1565--1577},
	volume = {156},
	number = {8},
	doi = {10.1016/j.topol.2009.01.006},
	url = {http://dx.doi.org/10.1016/j.topol.2009.01.006},
	langid = {en}
}

@article{smith2014,
	title = {Estimating breeding bird survey trends and annual indices for Canada: how do the new hierarchical Bayesian estimates differ from previous estimates?},
	author = {{Smith}, {Adam C.} and {Hudson}, {Marie-Anne R.} and {Downes}, {Constance} and {Francis}, {Charles M.}},
	year = {2014},
	month = {07},
	date = {2014-07-03},
	journal = {The Canadian Field-Naturalist},
	pages = {119},
	volume = {128},
	number = {2},
	doi = {10.22621/cfn.v128i2.1565},
	url = {http://dx.doi.org/10.22621/cfn.v128i2.1565}
}

@article{link,
	title = {Model selection for the North American Breeding Bird Survey},
	author = {{Link}, {William A.} and {Sauer}, {John R.} and {Niven}, {Daniel K.}},
	journal = {Ecological Applications},
	volume = {n/a},
	number = {n/a},
	doi = {10.1002/eap.2137},
	url = {https://esajournals.onlinelibrary.wiley.com/doi/abs/10.1002/eap.2137},
	note = {{\_}eprint: https://esajournals.onlinelibrary.wiley.com/doi/pdf/10.1002/eap.2137},
	langid = {en}
}

@article{link2002a,
	title = {A Hierarchical Analysis of Population Change with Application to Cerulean Warblers},
	author = {{Link}, {William A.} and {Sauer}, {John R.}},
	year = {2002},
	date = {2002},
	journal = {Ecology},
	pages = {2832--2840},
	volume = {83},
	number = {10},
	doi = {10.1890/0012-9658(2002)083[2832:AHAOPC]2.0.CO;2},
	url = {https://esajournals.onlinelibrary.wiley.com/doi/abs/10.1890/0012-9658%282002%29083%5B2832%3AAHAOPC%5D2.0.CO%3B2},
	note = {{\_}eprint: https://esajournals.onlinelibrary.wiley.com/doi/pdf/10.1890/0012-9658%282002%29083%5B2832%3AAHAOPC%5D2.0.CO%3B2},
	langid = {en}
}
